@book{acm:curriculum:2013,
 author = {Joint Task Force on Computing Curricula, Association for Computing Machinery (ACM) and IEEE Computer Society},
 title = {Computer Science Curricula 2013: Curriculum Guidelines for Undergraduate Degree Programs in Computer Science},
 year = {2013},
 isbn = {978-1-4503-2309-3},
 note = {999133},
 publisher = {ACM},
 address = {New York, NY, USA},
}

@inproceedings{cowden:sigcse:2012,
 author = {Cowden, David and O'Neill, April and Opavsky, Erik and Ustek, Dilan and Walker, Henry M.},
 title = {A C-based Introductory Course Using Robots},
 booktitle = {Proceedings of the 43rd ACM Technical Symposium on Computer Science Education},
 series = {SIGCSE '12},
 year = {2012},
 isbn = {978-1-4503-1098-7},
 location = {Raleigh, North Carolina, USA},
 pages = {27--32},
 numpages = {6},
 publisher = {ACM},
 address = {New York, NY, USA},
}

@inproceedings{rebelsky:sigcse:2013,
 author = {Rebelsky, Samuel A. and Davis, Janet and Weinman, Jerod},
 title = {Building Knowledge and Confidence with Mediascripting: A Successful Interdisciplinary Approach to CS1},
 booktitle = {Proceeding of the 44th ACM Technical Symposium on Computer Science Education},
 series = {SIGCSE '13},
 year = {2013},
 isbn = {978-1-4503-1868-6},
 location = {Denver, Colorado, USA},
 pages = {483--488},
 numpages = {6},
 address = {New York, NY, USA},
} 

@inproceedings{lopatto:tcp:2008,
  author = {David Lopatto},
  title = {Exploring the benefits of undergraduate research: the {SURE} survey},
  booktitle  = { Creating Effective Undergraduate Research Programs in Science },
  pages = {112--132},
 publisher = { Teacher's College Press },
}

