@comment{x-kbibtex-personnameformatting=<%l><, %f>}

@inproceedings{cKlinge16,
 author = {Klinge, Titus H.},
 title = {Robust Signal Restoration in Chemical Reaction Networks},
 booktitle = {Proceedings of the 3rd ACM International Conference on Nanoscale Computing and Communication},
 year = {2016},
 pages = {6:1--6:6},
 publisher = {ACM},
} 

@inproceedings{cEHKLLL14,
    author = {Ellis, Samuel J. and Henderson, Eric R. and Titus H. Klinge and Lathrop, James I. and Lutz, Jack H. and Lutz, Robyn R. and Mathur, Divita and Miner, Andrew S.},
    booktitle = {Proceedings of the 29th International Conference on Automated Software Engineering},
    url = {http://doi.acm.org/10.1145/2642937.2643007},
    pages = {767--778},
    publisher = {ACM},
    title = {Automated Requirements Analysis for a Molecular Watchdog Timer},
    year = {2014}
}

@inproceedings{cLLLKHM12,
    author = {Lutz, Robyn R. and Lutz, Jack H. and Lathrop, James I. and Titus H. Klinge and Henderson, Eric R. and Mathur, Divita and Sheasha, Dalia Abo},
    booktitle = {Proceedings of the 34th International Conference on Software Engineering},
    url = {http://dl.acm.org/citation.cfm?id=2337223.2337418},
    pages = {1361--1364},
    publisher = {IEEE},
    title = {Engineering and Verifying Requirements for Programmable Self-assembling Nanomachines},
    year = {2012}
}

@inproceedings{cLLLKMS12,
    author = {Lutz, Robyn R. and Lutz, Jack H. and Lathrop, James I. and Titus H. Klinge and Mathur, Divita and Stull, Donald M. and Bergquist, Taylor G. and Henderson, Eric R.},
    booktitle = {Proceedings of the 20th International Conference on Requirements Engineering},
    url = {http://ieeexplore.ieee.org/xpl/articleDetails.jsp?arnumber=6345806},
    pages = {211-220},
    publisher = {IEEE},
    title = {Requirements analysis for a product family of {DNA} nanodevices},
    year = {2012}
}

@inproceedings{Huang2017,
author="Huang, Xiang and Klinge, Titus H. and Lathrop, James I. and Li, Xiaoyuan and Lutz, Jack H.",
title="Real-Time Computability of Real Numbers by Chemical Reaction Networks",
booktitle = {Proceedings of the 16th International Conference on Unconventional Computation and Natural Computation},
year="2017",
pages="29-40",
volume = "10240",
publisher="Springer International Publishing",
}

@inproceedings{Ellis2017,
author="Ellis, Samuel J.
and Klinge, Titus H.
and Lathrop, James I.",
title="Robust Combinatorial Circuits in Chemical Reaction Networks",
bookTitle="Proceedings of the 6th International Conference on Theory and Practice of Natural Computing",
year="2017",
publisher="Springer International Publishing",
pages="178--189",
}

@article{Mayberry,
 author = {Ellis, Samuel J. and Klinge, Titus H. and Lathrop, James I. and Lutz, Jack H. and Lutz, Robyn R. and Miner, Andrew S. and Potter, Hugh D.},
 title = {Runtime Fault Detection in Programmed Molecular Systems},
 journal = {ACM Transactions on Software Engineering and Methodology},
 issue_date = {April 2019},
 volume = {28},
 number = {2},
 year = {2019},
 issn = {1049-331X},
 pages = {6:1--6:20},
 articleno = {6},
 numpages = {20},
 url = {http://doi.acm.org/10.1145/3295740},
 doi = {10.1145/3295740},
 acmid = {3295740},
 publisher = {ACM},
 address = {New York, NY, USA},
 keywords = {Molecular programming, chemical reaction networks, molecular system safety, probabilistic model checking, requirements engineering},
} 

@article{Cauldron,
author = {Jong Hoon Bae and Theodoros Kalfas and Otabek N. Nazarov and Nicholas A. Roberson and Titus H. Klinge and James I. Lathrop},
title = {Cauldron: An {IDE} for Modular Development of Chemical Reaction Networks},
}

@inproceedings{csc151,
 author = {Sarah Dahlby Albright and Titus H. Klinge and Samuel Rebelsky},
 title = {A Functional Approach to Data Science in {CS1}},
 booktitle = {Proceedings of the 49th Technical Symposium on Computer Science Education},
 year = {2018},
 publisher = {ACM},
 pages = {1035--1040},
} 

@article{natco,
 author = {Huang, Xiang and Klinge, Titus H. and Lathrop, James I. and Li, Xiaoyuan and Lutz, Jack H.},
 title = {Real-time Computability of Real Numbers by Chemical Reaction Networks},
 volume = {18},
 number = {1},
 year = {2019},
 journal="Natural Computing",
 pages = {63--73},
 publisher = {Springer},
} 

@InProceedings{rtcrn2,
author="Huang, Xiang
and Klinge, Titus H.
and Lathrop, James I.",
title="Real-Time Equivalence of Chemical Reaction Networks and Analog Computers",
booktitle="Proceedings of the 25th International Conference on DNA Computing and Molecular Programming",
year="2019",
publisher="Springer International Publishing",
pages="37--53",
}

@article{rdc,
author="Ellis, Samuel J.
and Klinge, Titus H.
and Lathrop, James I.",
title = "Robust Chemical Circuits",
journal = "Biosystems",
pages = "103983",
year = "2019",
doi = "https://doi.org/10.1016/j.biosystems.2019.103983",
note = "(In press, but available electronically)"
}
@article{rbfa,
    author = {Titus H. Klinge and James I. Lathrop and Jack H. Lutz},
    title = {Robust Biomolecular Finite Automata},
    note = {Submitted}
}

